<?xml version="1.0" encoding="utf-8"?>
<record xmlns="http://www.loc.gov/MARC21/slim" xmlns:xsi="http://www.w3.org/2001/XMLSchema-instance" xsi:schemaLocation="http://www.loc.gov/MARC21/slim http://www.loc.gov/standards/marcxml/schema/MARC21slim.xsd">
	<leader>     nam a22        4500</leader>
	<controlfield tag="001">642857</controlfield>
	<controlfield tag="003">NNC</controlfield>
	<controlfield tag="006">m        d        </controlfield>
	<controlfield tag="007">cr cn |||m|||a</controlfield>
	<controlfield tag="008">170815q18971898ua      o     000 0 ara d</controlfield>
	<datafield ind1=" " ind2=" " tag="040">
		<subfield code="a">NNU</subfield>
		<subfield code="b">eng</subfield>
		<subfield code="e">rda</subfield>
		<subfield code="c">NNU</subfield>
	</datafield>
	<datafield ind1=" " ind2=" " tag="066">
		<subfield code="c">(3</subfield>
	</datafield>
	<datafield ind1=" " ind2="4" tag="050">
		<subfield code="a">KBP184.A43</subfield>
		<subfield code="b">S58342 1897</subfield>
	</datafield>
	<datafield ind1="1" ind2=" " tag="100">
		<subfield code="6">880-01</subfield>
		<subfield code="a">Shurunbulālī, Ḥasan ibn ʻAmmār,</subfield>
		<subfield code="d">1585 or 1586-1659.</subfield>
	</datafield>
	<datafield ind1="1" ind2="0" tag="245">
		<subfield code="6">880-02</subfield>
		<subfield code="a">Kitāb Marāqī al-falāḥ sharḥ Nūr al-īḍāḥ /</subfield>
		<subfield code="c">lil-ʻālim al-ʻallāmah al-ḥabr al-fahhāmah al-Shaykh Ḥasan ibn ʻAmmār ibn ʻAlī al-Shurunbulālī al-Ḥanafī ; wa-bi-hāmishihi matn Nūr al-īḍāḥ / lil-muʼallif al-madhkūr maʻa taqrīrāt Sunnīyah min ḥāshiyat al-ʻAllāmah al-Ṭaḥṭāwī.</subfield>
	</datafield>
	<datafield ind1="1" ind2=" " tag="246">
		<subfield code="6">880-03</subfield>
		<subfield code="i">Title given in text on page 2:</subfield>
		<subfield code="a">Marāqī al-falāḥ bi-Imdād al-Fattāḥ sharḥ Nūr al-īḍāḥ wa-najāt al-arwāḥ</subfield>
	</datafield>
	<datafield ind1=" " ind2=" " tag="250">
		<subfield code="6">880-04</subfield>
		<subfield code="a">Ṭabʻah ūlá.</subfield>
	</datafield>
	<datafield ind1=" " ind2="1" tag="264">
		<subfield code="6">880-05</subfield>
		<subfield code="a">Miṣr :</subfield>
		<subfield code="b">al-Matbaʻah al-ʻIlmiyah,</subfield>
		<subfield code="c">1315 [1897 or 1898]</subfield>
	</datafield>
	<datafield ind1=" " ind2=" " tag="300">
		<subfield code="a">online resource (129, 2 pages)</subfield>
	</datafield>
	<datafield ind1=" " ind2=" " tag="336">
		<subfield code="a">text</subfield>
		<subfield code="2">rdacontent</subfield>
	</datafield>
	<datafield ind1=" " ind2=" " tag="337">
		<subfield code="a">computer</subfield>
		<subfield code="2">rdamedia</subfield>
	</datafield>
	<datafield ind1=" " ind2=" " tag="338">
		<subfield code="a">online resource</subfield>
		<subfield code="2">rdacarrier</subfield>
	</datafield>
	<datafield ind1=" " ind2=" " tag="500">
		<subfield code="a">Part of the Arabic Collections Online (ACO) project, contributed by Columbia University Libraries.</subfield>
	</datafield>
	<datafield ind1=" " ind2=" " tag="533">
		<subfield code="a">Electronic reproduction.</subfield>
		<subfield code="b">New York, N.Y. :</subfield>
		<subfield code="c">New York University,</subfield>
		<subfield code="d">2017.</subfield>
		<subfield code="5">NNU</subfield>
	</datafield>
	<datafield ind1="1" ind2="0" tag="600">
		<subfield code="6">880-06</subfield>
		<subfield code="a">Shurunbulālī, Ḥasan ibn ʻAmmār,</subfield>
		<subfield code="d">1585 or 1586-1659.</subfield>
		<subfield code="t">Nūr al-īḍāḥ fī al-fiqh ʻalá madhhab al-Imām Abī Ḥanīfah.</subfield>
	</datafield>
	<datafield ind1=" " ind2="0" tag="650">
		<subfield code="a">Islamic law</subfield>
		<subfield code="v">Early works to 1800.</subfield>
	</datafield>
	<datafield ind1=" " ind2="0" tag="650">
		<subfield code="a">Islam</subfield>
		<subfield code="x">Rituals</subfield>
		<subfield code="v">Early works to 1800.</subfield>
	</datafield>
	<datafield ind1=" " ind2="0" tag="650">
		<subfield code="a">Hanafites</subfield>
		<subfield code="v">Early works to 1800.</subfield>
	</datafield>
	<datafield ind1="0" ind2="7" tag="630">
		<subfield code="a">Nūr al-īḍāḥ fī al-fiqh ʻalá madhhab al-Imām Abī Ḥanīfah (Shurunbulalī, Ḥasan ibn ʻAmmār)</subfield>
		<subfield code="2">fast</subfield>
		<subfield code="0">(OCoLC)fst01390906</subfield>
	</datafield>
	<datafield ind1=" " ind2="7" tag="650">
		<subfield code="a">Hanafites.</subfield>
		<subfield code="2">fast</subfield>
		<subfield code="0">(OCoLC)fst00950818</subfield>
	</datafield>
	<datafield ind1=" " ind2="7" tag="650">
		<subfield code="a">Islam</subfield>
		<subfield code="x">Rituals.</subfield>
		<subfield code="2">fast</subfield>
		<subfield code="0">(OCoLC)fst00979845</subfield>
	</datafield>
	<datafield ind1=" " ind2="7" tag="650">
		<subfield code="a">Islamic law.</subfield>
		<subfield code="2">fast</subfield>
		<subfield code="0">(OCoLC)fst00979949</subfield>
	</datafield>
	<datafield ind1=" " ind2="7" tag="655">
		<subfield code="a">Early works.</subfield>
		<subfield code="2">fast</subfield>
		<subfield code="0">(OCoLC)fst01411636</subfield>
	</datafield>
	<datafield ind1="1" ind2="2" tag="700">
		<subfield code="6">880-07</subfield>
		<subfield code="a">Shurunbulālī, Ḥasan ibn ʻAmmār,</subfield>
		<subfield code="d">1585 or 1586-1659.</subfield>
		<subfield code="t">Marāqī al-falāḥ.</subfield>
	</datafield>
	<datafield ind1="1" ind2="2" tag="700">
		<subfield code="6">880-08</subfield>
		<subfield code="a">Shurunbulālī, Ḥasan ibn ʻAmmār,</subfield>
		<subfield code="d">1585 or 1586-1659.</subfield>
		<subfield code="t">Nūr al-īḍāḥ fī al-fiqh ʻalá madhhab al-Imām Abī Ḥanīfah.</subfield>
	</datafield>
	<datafield ind1="1" ind2=" " tag="700">
		<subfield code="6">880-09</subfield>
		<subfield code="i">Abridgement of (work):</subfield>
		<subfield code="a">Shurunbulālī, Ḥasan ibn ʻAmmār,</subfield>
		<subfield code="d">1585 or 1586-1659.</subfield>
		<subfield code="t">Imdād al-fattāḥ.</subfield>
	</datafield>
	<datafield ind1="2" ind2=" " tag="710">
		<subfield code="a">Columbia University.</subfield>
		<subfield code="b">Libraries.</subfield>
	</datafield>
	<datafield ind1="0" ind2=" " tag="730">
		<subfield code="a">Arabic Collections Online.</subfield>
	</datafield>
	<datafield ind1="0" ind2="8" tag="776">
		<subfield code="i">Online version:</subfield>
		<subfield code="a">Shurunbulālī, Ḥassan ibn ʻAmmār, -1658.</subfield>
		<subfield code="s">Maraqi al-falah sharh nur al-idah.</subfield>
		<subfield code="t">Kitab marāqī al- falāḥ sharḥ nūr al-īḍāḥ.</subfield>
		<subfield code="d">Misr : al-Matbaʻah al-ʻIlmiyah, 1315h [i.e. 1897 or 1898]</subfield>
		<subfield code="w">(OCoLC)654378994</subfield>
	</datafield>
	<datafield ind1="0" ind2="8" tag="776">
		<subfield code="i">Print version:</subfield>
		<subfield code="a">Shurunbulālī, Ḥasan ibn ʻAmmār, 1585 or 1586-1659.</subfield>
		<subfield code="t">Kitāb Marāqī al-falāḥ sharḥ Nūr al-īḍāḥ</subfield>
		<subfield code="w">(NNC)642857</subfield>
		<subfield code="w">(OCoLC)506904703</subfield>
	</datafield>
	<datafield ind1="4" ind2="0" tag="856">
		<subfield code="u">http://hdl.handle.net/2333.1/1zcrjk73</subfield>
	</datafield>
	<datafield ind1="1" ind2=" " tag="880">
		<subfield code="6">100-01/(3/r</subfield>
		<subfield code="a">شرنبلالي، حسن بن عمار،</subfield>
		<subfield code="d">1585 or 1586-1659.</subfield>
	</datafield>
	<datafield ind1="1" ind2="0" tag="880">
		<subfield code="6">245-02/(3/r</subfield>
		<subfield code="a">كتاب مراقي الفلاح شرح نور الايضاح /</subfield>
		<subfield code="c">للعالم العلامة الحبر الفهامة الشيخ حسن بن عمار بن علي الشرنبلالي الحنفي ؛ وبهامشه متن نور الايضاح / للمؤلف المذكور مع تقريرات سنية من حاشية العلامة الطحطاوي.</subfield>
	</datafield>
	<datafield ind1="1" ind2=" " tag="880">
		<subfield code="6">246-03/(3/r</subfield>
		<subfield code="a">مراقي الفلاح بامداد الفتاح شرح نور الايضاح ونجاة الارواح</subfield>
	</datafield>
	<datafield ind1=" " ind2=" " tag="880">
		<subfield code="6">250-04/(3/r</subfield>
		<subfield code="a">طبعة أولى.</subfield>
	</datafield>
	<datafield ind1=" " ind2="1" tag="880">
		<subfield code="6">264-05/(3/r</subfield>
		<subfield code="a">مصر :</subfield>
		<subfield code="b">المتبعة العلمية،</subfield>
		<subfield code="c">1315 [1897 or 1898]</subfield>
	</datafield>
	<datafield ind1="1" ind2="4" tag="880">
		<subfield code="6">600-06/(3/r</subfield>
		<subfield code="a">شرنبلالي، حسن بن عمار،</subfield>
		<subfield code="d">1585 or 1586-1659.</subfield>
		<subfield code="t">نور الإيضاح في الفقه على مذهب الإمام أبي حنيفة.</subfield>
	</datafield>
	<datafield ind1="1" ind2="2" tag="880">
		<subfield code="6">700-07/(3/r</subfield>
		<subfield code="a">شرنبلالي، حسن بن عمار،</subfield>
		<subfield code="d">1585 or 1586-1659.</subfield>
		<subfield code="t">مراقي الفلاح.</subfield>
	</datafield>
	<datafield ind1="1" ind2="2" tag="880">
		<subfield code="6">700-08/(3/r</subfield>
		<subfield code="a">شرنبلالي، حسن بن عمار،</subfield>
		<subfield code="d">1585 or 1586-1659.</subfield>
		<subfield code="t">نور الإيضاح في الفقه على مذهب الإمام أبي حنيفة.</subfield>
	</datafield>
	<datafield ind1="1" ind2=" " tag="880">
		<subfield code="6">700-09/(3/r</subfield>
		<subfield code="a">شرنبلالي، حسن بن عمار،</subfield>
		<subfield code="d">1585 or 1586-1659.</subfield>
		<subfield code="t">إمداد الفتاح.</subfield>
	</datafield>
	<datafield ind1=" " ind2=" " tag="959">
		<subfield code="a">NNU</subfield>
		<subfield code="b">WEB</subfield>
		<subfield code="c">GENI</subfield>
		<subfield code="t">0</subfield>
		<subfield code="m">Electronic access</subfield>
		<subfield code="s">01</subfield>
	</datafield>
	<datafield ind1=" " ind2=" " tag="999">
		<subfield code="i">NNC_642857</subfield>
		<subfield code="o">(OCoLC)ocn506904703</subfield>
		<subfield code="s">columbia_aco002410</subfield>
	</datafield>
</record>
